@article{A3C,
  author    = {Volodymyr Mnih and
               Adri{\`{a}} Puigdom{\`{e}}nech Badia and
               Mehdi Mirza and
               Alex Graves and
               Timothy P. Lillicrap and
               Tim Harley and
               David Silver and
               Koray Kavukcuoglu},
  title     = {Asynchronous Methods for Deep Reinforcement Learning},
  journal   = {CoRR},
  volume    = {abs/1602.01783},
  year      = {2016},
  url       = {http://arxiv.org/abs/1602.01783},
  archivePrefix = {arXiv},
  eprint    = {1602.01783},
  timestamp = {Mon, 13 Aug 2018 16:47:40 +0200},
  biburl    = {https://dblp.org/rec/bib/journals/corr/MnihBMGLHSK16},
  bibsource = {dblp computer science bibliography, https://dblp.org}
}
@misc{Bernstein,
    author  ={Sergei Natanowitsch Bernstein},
    title   ={D\'{e}monstration du th\'{e}or\`{e}me de Weierstrass fond\'{e}e sur le calcul des probabilit\'{e}s},
    journal ={},
    volume  ={},
    year    =1911,
    pages   ={}
}

@article{I2A,
  author    = {Theophane Weber and
               S{\'{e}}bastien Racani{\`{e}}re and
               David P. Reichert and
               Lars Buesing and
               Arthur Guez and
               Danilo Jimenez Rezende and
               Adri{\`{a}} Puigdom{\`{e}}nech Badia and
               Oriol Vinyals and
               Nicolas Heess and
               Yujia Li and
               Razvan Pascanu and
               Peter Battaglia and
               David Silver and
               Daan Wierstra},
  title     = {Imagination-Augmented Agents for Deep Reinforcement Learning},
  journal   = {CoRR},
  volume    = {abs/1707.06203},
  year      = {2017},
  url       = {http://arxiv.org/abs/1707.06203},
  archivePrefix = {arXiv},
  eprint    = {1707.06203},
  timestamp = {Mon, 13 Aug 2018 16:47:05 +0200},
  biburl    = {https://dblp.org/rec/bib/journals/corr/WeberRRBGRBVHLP17},
  bibsource = {dblp computer science bibliography, https://dblp.org}
}

@online{MiniPacmanRepo,
  author = {Sebastien Racaniere},
  title = {I2A NIPS workshop},
  url = {https://github.com/vasiloglou/mltrain-nips-2017/blob/master/sebastien_racaniere},
  urldate = {2018-09-29}
}

@article{DBLP:journals/corr/abs-1802-03006,
  author    = {Lars Buesing and
               Theophane Weber and
               S{\'{e}}bastien Racani{\`{e}}re and
               S. M. Ali Eslami and
               Danilo Jimenez Rezende and
               David P. Reichert and
               Fabio Viola and
               Frederic Besse and
               Karol Gregor and
               Demis Hassabis and
               Daan Wierstra},
  title     = {Learning and Querying Fast Generative Models for Reinforcement Learning},
  journal   = {CoRR},
  volume    = {abs/1802.03006},
  year      = {2018},
  url       = {http://arxiv.org/abs/1802.03006},
  archivePrefix = {arXiv},
  eprint    = {1802.03006},
  timestamp = {Mon, 13 Aug 2018 16:47:45 +0200},
  biburl    = {https://dblp.org/rec/bib/journals/corr/abs-1802-03006},
  bibsource = {dblp computer science bibliography, https://dblp.org}
}

@article{CountBasedExploration,
  author    = {Georg Ostrovski and
               Marc G. Bellemare and
               A{\"{a}}ron van den Oord and
               R{\'{e}}mi Munos},
  title     = {Count-Based Exploration with Neural Density Models},
  journal   = {CoRR},
  volume    = {abs/1703.01310},
  year      = {2017},
  url       = {http://arxiv.org/abs/1703.01310},
  archivePrefix = {arXiv},
  eprint    = {1703.01310},
  timestamp = {Mon, 13 Aug 2018 16:47:54 +0200},
  biburl    = {https://dblp.org/rec/bib/journals/corr/OstrovskiBOM17},
  bibsource = {dblp computer science bibliography, https://dblp.org}
}